<?xml version="1.0" encoding="UTF-8"?><collection xmlns="http://www.loc.gov/MARC21/slim"><record><leader>00401nam--2200157-i-4500</leader><controlfield tag="001">000015891</controlfield><controlfield tag="002">20161230</controlfield><controlfield tag="005">20170306225354</controlfield><controlfield tag="008">060222s1000------------r-----000-0-eng-d</controlfield><datafield ind1=" " ind2=" " tag="100"><subfield code="a">Balalure, Emil</subfield></datafield><datafield ind1=" " ind2=" " tag="245"><subfield code="a">Sisteme si echipamente de comanda numerica</subfield></datafield><datafield ind1=" " ind2=" " tag="260"><subfield code="a">Bucuresti</subfield><subfield code="b">Ed.Tehnica</subfield><subfield code="c">1987</subfield></datafield><datafield ind1=" " ind2=" " tag="300"><subfield code="a">120 p</subfield></datafield><datafield ind1=" " ind2=" " tag="490"><subfield code="a">Seria Tehnica La Zi</subfield></datafield><datafield ind1=" " ind2=" " tag="852"><subfield code="a">681.5</subfield></datafield><datafield ind1=" " ind2=" " tag="CAT"><subfield code="a">SYS</subfield><subfield code="c">20170306</subfield><subfield code="h">225354</subfield></datafield></record></collection>